
@article{berger1929,
  title = {{\"Uber das Elektrenkephalogramm des Menschen}},
  author = {Berger, Hans},
  year = {1929},
  journal = {Archiv f\"ur Psychiatrie und Nervenkrankheiten},
  volume = {87},
  number = {1},
  pages = {527--570},
  doi = {10.1007/BF01797193},
  langid = {german}
}

@article{donoghue2021a,
  title = {Methodological Considerations for Studying Neural Oscillations},
  author = {Donoghue, Thomas and Schaworonkow, Natalie and Voytek, Bradley},
  year = {2021},
  journal = {The European Journal of Neuroscience},
  doi = {10.1111/ejn.15361},
  langid = {english}
}

@article{grandchamp2011,
  title = {Single-Trial Normalization for Event-Related Spectral Decomposition Reduces Sensitivity to Noisy Trials},
  author = {Grandchamp, Romain and Delorme, Arnaud},
  year = {2011},
  journal = {Frontiers in Psychology},
  volume = {2},
  doi = {10.3389/fpsyg.2011.00236}
}

@article{hu2014,
  title = {Single-Trial Time-Frequency Analysis of Electrocortical Signals: Baseline Correction and Beyond},
  author = {Hu, L. and Xiao, P. and Zhang, Z. G. and Mouraux, A. and Iannetti, G. D.},
  year = {2014},
  journal = {NeuroImage},
  volume = {84},
  pages = {876--887},
  doi = {10.1016/j.neuroimage.2013.09.055},
  langid = {english}
}

@article{keil2022,
  title = {Recommendations and Publication Guidelines for Studies Using Frequency Domain and Time-Frequency Domain Analyses of Neural Time Series},
  author = {Keil, Andreas and Bernat, Edward M. and Cohen, Michael X. and Ding, Mingzhou and Fabiani, Monica and Gratton, Gabriele and Kappenman, Emily S. and Maris, Eric and Mathewson, Kyle E. and Ward, Richard T. and Weisz, Nathan},
  year = {2022},
  journal = {Psychophysiology},
  volume = {59},
  number = {5},
  pages = {e14052},
  doi = {10.1111/psyp.14052},
  langid = {english},
  annotation = {\_eprint: https://onlinelibrary.wiley.com/doi/pdf/10.1111/psyp.14052}
}

@article{roach2008,
  title = {Event-Related {{EEG}} Time-Frequency Analysis: An Overview of Measures and an Analysis of Early Gamma Band Phase Locking in Schizophrenia},
  author = {Roach, Brian J. and Mathalon, Daniel H.},
  year = {2008},
  journal = {Schizophrenia Bulletin},
  volume = {34},
  number = {5},
  pages = {907--926},
  doi = {10.1093/schbul/sbn093},
  langid = {english}
}


